<collection><record><leader>00000nam a2200000u  4500</leader><controlfield tag="001">864817847806876</controlfield><controlfield tag="003"></controlfield><controlfield tag="005">20181102144318.0</controlfield><controlfield tag="008">181102t20182018xx ||||||||||||||   eng d</controlfield><datafield tag="020" ind1=" " ind2=" "><subfield code="a">97839409242092123412324</subfield><subfield code="c">26.24</subfield></datafield><datafield tag="035" ind1=" " ind2=" "><subfield code="a">(OCoLC)1037354349</subfield></datafield><datafield tag="100" ind1="1" ind2=" "><subfield code="a">DESALLE, ROB</subfield></datafield><datafield tag="245" ind1="1" ind2="0"><subfield code="a">TROUBLESOME SCIENCE: THE MISUSE OF GENETICS AND GENOMICS IN UNDERSTANDING RACE.</subfield></datafield><datafield tag="260" ind1=" " ind2=" "><subfield code="a">NEW YORK</subfield><subfield code="b">COLUMBIA UNIVERSITY PRESS</subfield><subfield code="c">2018</subfield></datafield><datafield tag="490" ind1="0" ind2=" "><subfield code="a">RACE, INEQUALITY, AND HEALTH.</subfield></datafield></record></collection>
